Account Number:,****20148,,,
,,,,
Date,Type,Merchant/Description,Debit/Credit,Balance
05/10/2015,ATM Withdrawal NATIONWIDE,ATM Withdrawal NATIONWIDE,-£30.00,"£1,152.43"
05/10/2015,Direct debit SCOPE LTD,SCOPE LTD,-£8.50,"£1,182.43"
03/10/2015,Contactless Payment,FLAT PLANET LONDON W*F GB ****,-£11.00,"£1,190.93"
01/10/2015,Visa purchase,SACAT MARKS & SPENCER PANTHEON GB ****,-£2.86,"£1,201.93"
01/10/2015,Direct debit GREENWICH LEISURE,GREENWICH LEISURE,-£19.95,"£1,204.79"
30/09/2015,Tax taken,*********,-£0.12,"£1,224.74"
30/09/2015,Interest added,Interest added,£0.61,"£1,224.86"
30/09/2015,Visa purchase Graze,Graze Graze.com SE ****,-£3.89,"£1,224.25"
30/09/2015,Visa purchase,Amazon Digital Dwnlds ***-***-**** LU ****,-£5.99,"£1,228.14"
30/09/2015,Contactless Payment,LONDON MAPPIN HOUSE CE LONDON GB ****,-£1.00,"£1,234.13"
29/09/2015,Contactless Payment,LONDON MAPPIN HOUSE CE LONDON GB ****,-£1.00,"£1,235.13"
28/09/2015,Visa purchase,Amazon UK Retail AMAZON.CO.UK LU ****,-£30.00,"£1,236.13"
28/09/2015,Visa purchase,ESTATES&MANAGEMENT *** **** **** GB ****,-£300.00,"£1,266.13"
28/09/2015,Contactless Payment,EAT LTD WESTFIELD GB ****,-£6.87,"£1,566.13"
28/09/2015,Contactless Payment,LONDON MAPPIN HOUSE CE LONDON GB ****,-£2.20,"£1,573.00"
26/09/2015,PAYMENT TO**********************,***********,"-£1,460.00","£1,575.20"
26/09/2015,PAYMENT TO************************,*************,-£436.50,"£3,035.20"
26/09/2015,Visa purchase,Amazon Digital Video amazon.co.uk/ LU ****,-£22.99,"£3,471.70"
26/09/2015,Contactless Payment,BENUGO LTD GT PORTLAND LONDON GB ****,-£4.95,"£3,494.69"
25/09/2015,Visa purchase Amazon Prime,Amazon Prime ***-******** LU ****,-£79.00,"£3,499.64"
25/09/2015,Contactless Payment,CAMDEN FOOD COMPANY CO LONDON GB ****,-£7.10,"£3,578.64"
25/09/2015,Bank credit MONEYSUPERMARKET.C,******************************,"£3,034.82","£3,585.74"
24/09/2015,Contactless Payment,ALDI ROMFORD GB ****,-£4.38,£550.92
24/09/2015,Visa purchase Graze,Graze Graze.com SE ****,-£3.89,£555.30
24/09/2015,Contactless Payment,LONDON MAPPIN HOUSE CE LONDON GB ****,-£1.50,£559.19
23/09/2015,Contactless Payment,PRET A MANGER LONDON W*W GB ****,-£1.89,£560.69
22/09/2015,Contactless Payment,LONDON MAPPIN HOUSE CE LONDON GB ****,-£1.50,£562.58
19/09/2015,ATM Withdrawal LINK,ATM Withdrawal LINK,-£50.00,£564.08
18/09/2015,ATM Withdrawal NATIONWIDE,ATM Withdrawal NATIONWIDE,-£50.00,£614.08
18/09/2015,Visa purchase,Amazon Digital Dwnlds ***-***-**** LU ****,-£4.99,£664.08
18/09/2015,Contactless Payment,LONDON MAPPIN HOUSE CE LONDON GB ****,-£1.75,£669.07
18/09/2015,Contactless Payment,LONDON MAPPIN HOUSE CE LONDON GB ****,-£1.75,£670.82
18/09/2015,Bank credit MONEYSUPERMARKET.C,******************************,£495.60,£672.57
17/09/2015,Visa purchase,HMV RETAIL LTD LONDON W*C GB ****,-£17.99,£176.97
16/09/2015,Visa purchase Graze,Graze Graze.com SE ****,-£3.89,£194.96
15/09/2015,Contactless Payment,LONDON MAPPIN HOUSE CE LONDON GB ****,-£1.75,£198.85
15/09/2015,ATM Withdrawal SANTANDER,ATM Withdrawal SANTANDER,-£30.00,£200.60
14/09/2015,Contactless Payment,MARKS & SPENCER ROMFORD GB ****,-£1.50,£230.60
12/09/2015,Visa purchase,ESSEX FAMILY DENTAL ESSEX GB ****,-£18.80,£232.10
12/09/2015,Contactless Payment,EAT LONDON W*D GB ****,-£4.88,£250.90
11/09/2015,Contactless Payment,WASABI ** OXFORD STREE LONDON GB ****,-£3.99,£255.78
11/09/2015,Contactless Payment,EAT GOODGE STREET GB ****,-£2.95,£259.77
10/09/2015,STANDING ORDER**************************,***********,-£446.46,£262.72
09/09/2015,Visa purchase Graze,Graze Graze.com SE ****,-£3.89,£709.18
09/09/2015,Visa purchase,MORE THAN INSURANCE LIVERPOOL ES ****,-£107.56,£713.07
09/09/2015,Direct debit HELEN AND DOUGLAS,HELEN AND DOUGLAS,-£8.50,£820.63
08/09/2015,Visa purchase,Amazon Digital Video amazon.co.uk/ LU ****,-£14.99,£829.13
07/09/2015,Visa purchase,MARKS & SPENCER PLC LONDON GB ****,-£39.50,£844.12
07/09/2015,Visa purchase,Amazon Digital Video amazon.co.uk/ LU ****,-£6.99,£883.62
07/09/2015,Visa purchase,Amazon Digital Video amazon.co.uk/ LU ****,-£3.49,£890.61
07/09/2015,Direct debit EE & T-MOBILE,EE & T-MOBILE,-£25.25,£894.10
05/09/2015,Visa purchase OYSTER AUTOTOPUP,OYSTER AUTOTOPUP **** ******* GB ****,-£40.00,£919.35
05/09/2015,Contactless Payment,KUA 'AINA (GOODGE ST) LONDON GB ****,-£15.30,£959.35
05/09/2015,Transfer from,**************,£240.43,£974.65
05/09/2015,Transfer from,***************,£22.27,£734.22
04/09/2015,Visa purchase,VIRGINTRAINS.CO.UK ***** *** *** LU ****,-£81.60,£711.95
04/09/2015,Contactless Payment,WASABI ** OXFORD STREE LONDON GB ****,-£3.99,£793.55
03/09/2015,Visa purchase,ROMFORD TICKET OFFICE ROMFORD GB ****,-£225.10,£797.54
03/09/2015,Direct debit SCOPE LTD,SCOPE LTD,-£8.50,"£1,022.64"
02/09/2015,Visa purchase Graze,Graze Graze.com SE ****,-£3.89,"£1,031.14"
02/09/2015,Contactless Payment,TAPPED AND PACKED LTD LONDON W*T GB ****,-£4.60,"£1,035.03"
02/09/2015,ATM Withdrawal BARCLAYS BANK,ATM Withdrawal BARCLAYS BANK,-£50.00,"£1,039.63"
02/09/2015,Bank credit IBM,***************,£483.00,"£1,089.63"
01/09/2015,Visa purchase,Amazon Digital Video amazon.co.uk/ LU ****,-£3.49,£606.63
01/09/2015,Visa purchase,Amazon Digital Video amazon.co.uk/ LU ****,-£3.49,£610.12
01/09/2015,Direct debit GREENWICH LEISURE,GREENWICH LEISURE,-£19.95,£613.61
31/08/2015,Tax taken,*********,-£0.18,£633.56
31/08/2015,Interest added,Interest added,£0.93,£633.74
31/08/2015,Visa purchase,Amazon Digital Video amazon.co.uk/ LU ****,-£3.49,£632.81
29/08/2015,Visa purchase,DEBENHAMS ROMFORD GB ****,-£15.20,£636.30
28/08/2015,ATM Withdrawal NAT WEST,ATM Withdrawal NAT WEST,-£30.00,£651.50
27/08/2015,Visa purchase OYSTER AUTOTOPUP,OYSTER AUTOTOPUP **** ******* GB ****,-£40.00,£681.50
27/08/2015,Visa purchase,BHS *** ROMFORD GB ****,-£30.00,£721.50
27/08/2015,Visa purchase,BRIT LIBRARY TCKTS LONDON NW* GB ****,-£16.50,£751.50
27/08/2015,Visa purchase,DEBENHAMS ROMFORD GB ****,-£16.00,£768.00
27/08/2015,ATM Withdrawal LINK,ATM Withdrawal LINK,-£50.00,£784.00
26/08/2015,Visa purchase Graze,Graze Graze.com SE ****,-£3.89,£834.00
25/08/2015,Contactless Payment,EAT LONDON W* GB ****,-£6.35,£837.89
25/08/2015,Visa purchase,PREMIER INN******** IPSWICH GB ****,-£63.00,£844.24
24/08/2015,ATM Withdrawal BARCLAYS BANK,ATM Withdrawal BARCLAYS BANK,-£50.00,£907.24
21/08/2015,Contactless Payment,CO-OP GROUP ****** Whickham (SF) GB ****,-£17.38,£957.24
20/08/2015,Visa purchase,TESCO STORES **** MIDLOTHIAN GB ****,-£4.00,£974.62
20/08/2015,Visa purchase,CAFFE NERO EDINBURGH - B GB ****,-£1.80,£978.62
20/08/2015,Bank credit IBM,***************,£67.90,£980.42
19/08/2015,Visa purchase Graze,Graze Graze.com SE ****,-£3.89,£912.52
19/08/2015,Visa purchase,FRINGE AGENCY BOX OFF EDINBURGH GB ****,-£58.40,£916.41
19/08/2015,Visa purchase,FRINGE AGENCY BOX OFF EDINBURGH GB ****,-£19.80,£974.81
18/08/2015,Visa purchase,FRINGE AGENCY BOX OFF EDINBURGH GB ****,-£18.80,£994.61
18/08/2015,ATM Withdrawal LINK,ATM Withdrawal LINK,-£30.00,"£1,013.41"
17/08/2015,Visa purchase,FRINGE AGENCY BOX OFF EDINBURGH GB ****,-£21.80,"£1,043.41"
17/08/2015,Visa purchase,FRINGE AGENCY BOX OFF EDINBURGH GB ****,-£32.80,"£1,065.21"
17/08/2015,Contactless Payment,FRINGE BOX OFFICE HIGH EDINBURGH GB ****,-£20.00,"£1,098.01"
17/08/2015,Visa purchase,FRINGE AGENCY BOX OFF EDINBURGH GB ****,-£11.80,"£1,118.01"
17/08/2015,ATM Withdrawal NAT WEST,ATM Withdrawal NAT WEST,-£40.00,"£1,129.81"
15/08/2015,Visa purchase,ROYAL NATIONAL THEATRE LONDON SE* GB ****,-£8.73,"£1,169.81"
15/08/2015,Contactless Payment,ST PANCRAS INTL LONDON GB ****,-£7.95,"£1,178.54"
15/08/2015,Visa purchase,M&S SIMPLY FOOD - SSP ST PANCRAS MA GB ****,-£7.03,"£1,186.49"
15/08/2015,ATM Withdrawal NAT WEST,ATM Withdrawal NAT WEST,-£50.00,"£1,193.52"
14/08/2015,Visa purchase,THE DUKE OF EDINBU LANCASTER GB ****,-£18.00,"£1,243.52"
14/08/2015,Contactless Payment,MARKS & SPENCER BARROW GB ****,-£5.68,"£1,261.52"
14/08/2015,Visa purchase,Amazon Digital Dwnlds ***-***-**** LU ****,-£4.99,"£1,267.20"
14/08/2015,Visa purchase,THE CLARKES HOTEL BARROW IN FUR GB ****,-£25.00,"£1,272.19"
14/08/2015,Bank credit IBM,***************,£9.85,"£1,297.19"
13/08/2015,Visa purchase,FRINGE AGENCY BOX OFF EDINBURGH GB ****,-£26.80,"£1,287.34"
13/08/2015,Contactless Payment,MARKS & SPENCER BARROW GB ****,-£6.95,"£1,314.14"
12/08/2015,Visa purchase Graze,Graze Graze.com SE ****,-£3.89,"£1,321.09"
12/08/2015,Visa purchase Graze,Graze Graze.com SE ****,-£2.89,"£1,324.98"
10/08/2015,Visa purchase,THE DUKE OF EDINBU LANCASTER GB ****,-£440.00,"£1,327.87"
10/08/2015,Visa purchase OYSTER AUTOTOPUP,OYSTER AUTOTOPUP **** ******* GB ****,-£40.00,"£1,767.87"
10/08/2015,Contactless Payment,PRET A MANGER PICCADILLY LO GB ****,-£7.70,"£1,807.87"
10/08/2015,Contactless Payment,WH SMITH EUSTON GB ****,-£4.95,"£1,815.57"
10/08/2015,TRANSFER TO***************************,***************,-£500.00,"£1,820.52"
10/08/2015,STANDING ORDER**************************,***********,-£446.46,"£2,320.52"
10/08/2015,Direct debit HELEN AND DOUGLAS,HELEN AND DOUGLAS,-£8.50,"£2,766.98"
07/08/2015,Visa purchase,LONDON & SOUTH EAS LONDON NW* GB ****,-£6.00,"£2,775.48"
07/08/2015,Contactless Payment,MARKS & SPENCER BARROW GB ****,-£5.74,"£2,781.48"
06/08/2015,Visa purchase,THE DUKE OF EDINBU LANCASTER GB ****,-£25.00,"£2,787.22"
06/08/2015,Contactless Payment,MARKS & SPENCER BARROW GB ****,-£5.16,"£2,812.22"
06/08/2015,Direct debit EE & T-MOBILE,EE & T-MOBILE,-£29.16,"£2,817.38"
06/08/2015,Bank credit IBM,***************,"£2,393.75","£2,846.54"
05/08/2015,Visa purchase Graze,Graze Graze.com SE ****,-£3.89,£452.79
05/08/2015,Visa purchase,THE DUKE OF EDINBU LANCASTER GB ****,-£23.90,£456.68
05/08/2015,Contactless Payment,MARKS & SPENCER BARROW GB ****,-£4.33,£480.58
04/08/2015,Visa purchase,THE DUKE OF EDINBU LANCASTER GB ****,-£19.00,£484.91
04/08/2015,Contactless Payment,SUBWAY BARROW IN FUR GB ****,-£3.20,£503.91
04/08/2015,Contactless Payment,MARKS & SPENCER BARROW GB ****,-£1.39,£507.11
03/08/2015,Visa purchase STEAMGAMES.COM,STEAMGAMES.COM LUXEMBOURG LU ****,-£2.79,£508.50
03/08/2015,Direct debit GREENWICH LEISURE,GREENWICH LEISURE,-£19.95,£511.29
03/08/2015,Direct debit SCOPE LTD,SCOPE LTD,-£8.50,£531.24
31/07/2015,Tax taken,*********,-£0.16,£539.74
31/07/2015,Interest added,Interest added,£0.83,£539.90
31/07/2015,Contactless Payment,MARKS & SPENCER BARROW GB ****,-£5.62,£539.07
29/07/2015,Visa purchase Graze,Graze Graze.com SE ****,-£3.89,£544.69
29/07/2015,Visa purchase,E.ON ENERGY SOLUTIONS NOTTINGHAM GB ****,-£154.46,£548.58
29/07/2015,Contactless Payment,POST OFFICE COUNTER BARROW-IN-FUR GB ****,-£7.25,£703.04
25/07/2015,Contactless Payment,FRESH COLLECTION LONDON EC*M GB ****,-£10.99,£710.29
25/07/2015,Contactless Payment,EAT LTD LONDON SE* GB ****,-£7.18,£721.28
25/07/2015,Contactless Payment,PRET A MANGER WESTERN CONCO GB ****,-£4.50,£728.46
25/07/2015,ATM Withdrawal BARCLAYS BANK,ATM Withdrawal BARCLAYS BANK,-£100.00,£732.96
25/07/2015,ATM Withdrawal HSBC,ATM Withdrawal HSBC,-£60.00,£832.96
24/07/2015,Visa purchase,NOMAD WEST COAST L NEWCASTLE UPO GB ****,-£4.00,£892.96
23/07/2015,Visa purchase,GAME RETAIL LTD BARROW BARROW IN FUR GB ****,-£30.00,£896.96
23/07/2015,Visa purchase,THE ABBEY HOUSE HOTEL BARROW IN FUR GB ****,-£29.75,£926.96
22/07/2015,Visa purchase Graze,Graze Graze.com SE ****,-£3.89,£956.71
22/07/2015,ATM Withdrawal NATIONWIDE,ATM Withdrawal NATIONWIDE,-£30.00,£960.60
21/07/2015,Visa purchase OYSTER AUTOTOPUP,OYSTER AUTOTOPUP **** ******* GB ****,-£40.00,£990.60
21/07/2015,Contactless Payment,MARKS & SPENCER BARROW GB ****,-£6.00,"£1,030.60"
20/07/2015,Contactless Payment,PRET A MANGER EUSTON STATIO GB ****,-£7.84,"£1,036.60"
20/07/2015,Contactless Payment,STARBUCKS * CONCOURSE LONDON GB ****,-£4.00,"£1,044.44"
20/07/2015,Contactless Payment,WH SMITH EUSTON GB ****,-£3.95,"£1,048.44"
20/07/2015,Contactless Payment,EAT LTD WESTFIELD GB ****,-£6.87,"£1,052.39"
17/07/2015,Contactless Payment,MARKS & SPENCER BARROW GB ****,-£1.40,"£1,059.26"
15/07/2015,Visa purchase Graze,Graze Graze.com SE ****,-£3.89,"£1,060.66"
14/07/2015,ATM Withdrawal NAT WEST,ATM Withdrawal NAT WEST,-£50.00,"£1,064.55"
13/07/2015,Visa purchase,OYSTER BUS AUTOSET **** ******* GB ****,-£40.00,"£1,114.55"
13/07/2015,Contactless Payment,ITSU LTD LONDON GB ****,-£5.89,"£1,154.55"
13/07/2015,Visa purchase,Amazon Digital Dwnlds ***-***-**** LU ****,-£4.99,"£1,160.44"
13/07/2015,Contactless Payment,WH SMITH EUSTON GB ****,-£3.95,"£1,165.43"
11/07/2015,Contactless Payment,MARKS & SPENCER ROMFORD GB ****,-£16.24,"£1,169.38"
11/07/2015,Contactless Payment,PRET A MANGER ** OXFORD STR GB ****,-£3.95,"£1,185.62"
11/07/2015,Cheque deposit,**************,£126.71,"£1,189.57"
10/07/2015,Contactless Payment,ST PANCRAS INTERNATION LONDON GB ****,-£6.00,"£1,062.86"
10/07/2015,Contactless Payment,MARKS & SPENCER BARROW GB ****,-£4.70,"£1,068.86"
10/07/2015,ATM Withdrawal RBS,ATM Withdrawal RBS,-£30.00,"£1,073.56"
10/07/2015,TRANSFER TO***************************,***************,-£500.00,"£1,103.56"
10/07/2015,STANDING ORDER**************************,***********,-£446.46,"£1,603.56"
09/07/2015,Direct debit HELEN AND DOUGLAS,HELEN AND DOUGLAS,-£8.50,"£2,050.02"
08/07/2015,Visa purchase Graze,Graze Graze.com SE ****,-£3.89,"£2,058.52"
08/07/2015,Contactless Payment,MARKS & SPENCER BARROW GB ****,-£4.40,"£2,062.41"
08/07/2015,Visa purchase,SPORTSDIRECT *** *********** GB ****,-£22.97,"£2,066.81"
08/07/2015,Direct debit EE & T-MOBILE,EE & T-MOBILE,-£25.25,"£2,089.78"
06/07/2015,PAYMENT TO**********************,***********,-£669.22,"£2,115.03"
06/07/2015,Contactless Payment,PRET A MANGER EUSTON STATIO GB ****,-£7.69,"£2,784.25"
06/07/2015,Bank credit IBM,***************,"£2,412.19","£2,791.94"
03/07/2015,Contactless Payment,M&S SIMPLY FOOD - SSP LIVERPOOL ST GB ****,-£5.25,£379.75
03/07/2015,Visa purchase,NORTHERN RAIL WEBSALES MANCHESTER GB ****,-£47.50,£385.00
03/07/2015,Direct debit SCOPE LTD,SCOPE LTD,-£8.50,£432.50
02/07/2015,Visa purchase Graze,Graze Graze.com SE ****,-£3.89,£441.00
02/07/2015,Visa purchase,TESCO STORES-**** BARROW IN FUR GB ****,-£3.00,£444.89
01/07/2015,Contactless Payment,MARKS & SPENCER BARROW GB ****,-£4.95,£447.89
01/07/2015,Direct debit GREENWICH LEISURE,GREENWICH LEISURE,-£19.95,£452.84
30/06/2015,Tax taken,*********,-£0.16,£472.79
30/06/2015,Interest added,Interest added,£0.82,£472.95
30/06/2015,Visa purchase,WH SMITH EUSTON GB ****,-£21.99,£472.13
30/06/2015,Visa purchase,Amazon Digital Dwnlds ***-***-**** LU ****,-£8.08,£494.12
30/06/2015,Contactless Payment,BOOTS **** EUSTON STATIO GB ****,-£1.02,£502.20
29/06/2015,Contactless Payment,CAMDEN FOOD COMPANY CO LONDON GB ****,-£7.55,£503.22
29/06/2015,ATM Withdrawal NATIONWIDE,ATM Withdrawal NATIONWIDE,-£40.00,£510.77
27/06/2015,Non-Sterling cash fee,Non-Sterling cash fee,-£1.00,£550.77
27/06/2015,Non-Sterling transaction fee,Non-Sterling transaction fee,-£2.85,£551.77
27/06/2015,Visa cash withdrawal CRD TORRE G. CASTELLAMARE,CRD TORRE G. CASTELLAMARE CASTELLAMARE IT 200.000000 EUR at 1.40331 0000,-£142.52,£554.62
26/06/2015,Non-Sterling cash fee,Non-Sterling cash fee,-£1.00,£697.14
26/06/2015,Non-Sterling transaction fee,Non-Sterling transaction fee,-£1.43,£698.14
26/06/2015,Visa cash withdrawal BNL C/O AG SORRENTO,BNL C/O AG SORRENTO SORRENTO IT 100.000000 EUR at 1.39899 0000,-£71.48,£699.57
24/06/2015,Visa purchase Graze,Graze Graze.com SE ****,-£3.89,£771.05
23/06/2015,Non-Sterling cash fee,Non-Sterling cash fee,-£1.00,£774.94
23/06/2015,Non-Sterling transaction fee,Non-Sterling transaction fee,-£2.15,£775.94
23/06/2015,Visa cash withdrawal CASH BDN 2050-POMPE,CASH BDN 2050-POMPE POMPEI IT 150.000000 EUR at 1.39237 0000,-£107.73,£778.09
22/06/2015,Visa purchase,"EASYJET ***ENR*VK* LUTON, BEDS GB ****",-£22.00,£885.82
22/06/2015,Contactless Payment,BOOTS GATWICK A/PRT GB ****,-£20.00,£907.82
22/06/2015,Visa purchase,Amazon Digital Dwnlds ***-***-**** LU ****,-£8.78,£927.82
20/06/2015,Visa purchase,ICE LONDON WATERLOO STATI LONDON GB ****,-£103.56,£936.60
20/06/2015,Visa purchase,"EASYJET ***ENR*VK* LUTON, BEDS GB ****",-£31.00,"£1,040.16"
19/06/2015,Contactless Payment,EAT LTD LONDON SE* GB ****,-£6.20,"£1,071.16"
19/06/2015,Contactless Payment,EAT LTD LONDON SE* GB ****,-£4.94,"£1,077.36"
19/06/2015,Contactless Payment,M&S SIMPLY FOOD - SSP LIVERPOOL ST GB ****,-£4.25,"£1,082.30"
17/06/2015,Visa purchase Graze,Graze Graze.com SE ****,-£3.89,"£1,086.55"
17/06/2015,Visa purchase,WWW.NOTONTHEHIGHSTREET.C RICHMOND GB ****,-£9.20,"£1,090.44"
16/06/2015,Visa purchase STEAMGAMES.COM,STEAMGAMES.COM LUXEMBOURG LU ****,-£5.74,"£1,099.64"
16/06/2015,ATM Withdrawal NAT WEST,Withdrawal 15 June 2015,-£30.00,"£1,105.38"
15/06/2015,ATM Withdrawal HSBC,ATM Withdrawal HSBC,-£50.00,"£1,135.38"
15/06/2015,Visa purchase,SAINSBURYS S/MKTS ROMFORD GB ****,-£22.90,"£1,185.38"
15/06/2015,Contactless Payment,MARKS & SPENCER ROMFORD GB ****,-£15.33,"£1,208.28"
15/06/2015,Contactless Payment,ALDI ROMFORD GB ****,-£7.03,"£1,223.61"
15/06/2015,Contactless Payment,EAT LTD WESTFIELD GB ****,-£7.03,"£1,230.64"
15/06/2015,PAYMENT TO************************,*************,-£436.50,"£1,237.67"
13/06/2015,Contactless Payment,EAT LTD LONDON SE* GB ****,-£4.94,"£1,674.17"
12/06/2015,Visa purchase,IBM UK LIMITED COMPASS CATER GB ****,-£10.00,"£1,679.11"
12/06/2015,Contactless Payment,EAT LTD LONDON SE* GB ****,-£3.60,"£1,689.11"
12/06/2015,ATM Withdrawal LINK,ATM Withdrawal LINK,-£20.00,"£1,692.71"
11/06/2015,Visa purchase,CAMDEN FOOD COMPANY CO LONDON GB ****,-£7.10,"£1,712.71"
10/06/2015,Visa purchase Graze,Graze Graze.com SE ****,-£3.89,"£1,719.81"
10/06/2015,Visa purchase,Amazon Digital Dwnlds ***-***-**** LU ****,-£4.99,"£1,723.70"
10/06/2015,Contactless Payment,EAT LTD LONDON SE* GB ****,-£4.35,"£1,728.69"
10/06/2015,TRANSFER TO***************************,***************,-£500.00,"£1,733.04"
10/06/2015,STANDING ORDER**************************,***********,-£446.46,"£2,233.04"
09/06/2015,Direct debit EE & T-MOBILE,EE & T-MOBILE,-£25.25,"£2,679.50"
09/06/2015,Direct debit HELEN AND DOUGLAS,HELEN AND DOUGLAS,-£8.50,"£2,704.75"
08/06/2015,Visa purchase STEAMGAMES.COM,STEAMGAMES.COM LUXEMBOURG LU ****,-£6.99,"£2,713.25"
08/06/2015,Contactless Payment,EAT LTD WESTFIELD GB ****,-£6.97,"£2,720.24"
08/06/2015,Bank credit IBM,***************,"£2,412.21","£2,727.21"
05/06/2015,Visa purchase,LUL TICKET OFFICE. WATERLOO E GB ****,-£225.10,£315.00
05/06/2015,PAYMENT TO***********************,************,-£24.07,£540.10
04/06/2015,Contactless Payment,EAT LTD LONDON SE* GB ****,-£4.45,£564.17
04/06/2015,Contactless Payment,EAT LTD LONDON SE* GB ****,-£3.87,£568.62
03/06/2015,Visa purchase Graze,Graze Graze.com SE ****,-£3.89,£572.49
03/06/2015,Contactless Payment,EAT LTD LONDON SE* GB ****,-£6.72,£576.38
03/06/2015,Visa purchase,SAINSBURYS S/MKTS ROMFORD GB ****,-£1.92,£583.10
03/06/2015,Contactless Payment,TESCO STORES **** ROMFORD GB ****,-£1.52,£585.02
03/06/2015,Direct debit SCOPE LTD,SCOPE LTD,-£8.50,£586.54
02/06/2015,ATM Withdrawal LINK,ATM Withdrawal LINK,-£50.00,£595.04
01/06/2015,Direct debit GREENWICH LEISURE,GREENWICH LEISURE,-£19.95,£645.04
31/05/2015,Tax taken,*********,-£0.18,£664.99
31/05/2015,Interest added,Interest added,£0.90,£665.17
30/05/2015,Visa purchase,Amazon Digital Dwnlds ***-***-**** LU ****,-£3.99,£664.27
29/05/2015,Bank credit MrPASmith,*********************,£20.00,£668.26
29/05/2015,Contactless Payment,EAT LTD LONDON SE* GB ****,-£3.87,£648.26
29/05/2015,Contactless Payment,PAPERCHASE LONDON GB ****,-£2.25,£652.13
29/05/2015,ATM Withdrawal NAT WEST,ATM Withdrawal NAT WEST,-£50.00,£654.38
28/05/2015,Contactless Payment,TESCO STORES **** ROMFORD GB ****,-£1.52,£704.38
28/05/2015,ATM Withdrawal LINK,ATM Withdrawal LINK,-£50.00,£705.90
27/05/2015,Visa purchase Graze,Graze Graze.com SE ****,-£3.89,£755.90
23/05/2015,Visa purchase,JS ONLINE GROCERY **** *** **** GB ****,-£191.94,£759.79
23/05/2015,Visa purchase,Amazon Digital Dwnlds ***-***-**** LU ****,-£4.94,£951.73
23/05/2015,Contactless Payment,"BOOTS,**** LONDON GB ****",-£2.50,£956.67
22/05/2015,Bank credit LOWE M & M,**********************,£60.00,£959.17
22/05/2015,ATM Withdrawal LINK,ATM Withdrawal LINK,-£60.00,£899.17
22/05/2015,Contactless Payment,EAT LTD LONDON SE* GB ****,-£4.94,£959.17
21/05/2015,ATM Withdrawal CO-OP BANK PLC,ATM Withdrawal CO-OP BANK PLC,-£50.00,£964.11
21/05/2015,Visa purchase,IBM UK LIMITED COMPASS CATER GB ****,-£10.00,"£1,014.11"
20/05/2015,Visa purchase Graze,Graze Graze.com SE ****,-£3.89,"£1,024.11"
20/05/2015,Visa purchase Graze,Graze Graze.com SE ****,-£2.89,"£1,028.00"
20/05/2015,Visa purchase,STEAMGAMES.COM ***-***-**** GB ****,-£14.99,"£1,030.89"
19/05/2015,Contactless Payment,FRESH COLLECTION LONDON EC*M GB ****,-£5.50,"£1,045.88"
19/05/2015,Visa purchase,FRESH COLLECTION LONDON EC*M GB ****,-£5.49,"£1,051.38"
19/05/2015,Visa purchase,SPORTSDIRECT *** *********** GB ****,-£29.00,"£1,056.87"
19/05/2015,Visa Credit,VIRGINTRAINSEC SERVCS YORK **** GB ****,£113.50,"£1,085.87"
18/05/2015,Visa purchase,SPORTSDIRECT *** *********** GB ****,-£12.99,£972.37
18/05/2015,Contactless Payment,POST OFFICE COUNTER ROMFORD GB ****,-£6.45,£985.36
18/05/2015,Contactless Payment,ALDI ROMFORD GB ****,-£6.32,£991.81
18/05/2015,Contactless Payment,PRET A MANGER PRET A MANGER GB ****,-£6.20,£998.13
18/05/2015,ATM Withdrawal NAT WEST,ATM Withdrawal NAT WEST,-£30.00,"£1,004.33"
16/05/2015,Visa purchase,VIRGINTRAINSEC SERVCS YORK **** GB ****,-£62.25,"£1,034.33"
15/05/2015,Contactless Payment,EAT LTD LONDON SE* GB ****,-£4.94,"£1,096.58"
15/05/2015,Contactless Payment,EAT LTD LONDON SE* GB ****,-£3.89,"£1,101.52"
14/05/2015,ATM Withdrawal NAT WEST,ATM Withdrawal NAT WEST,-£40.00,"£1,105.41"
13/05/2015,Visa purchase Graze,Graze Graze.com SE ****,-£3.89,"£1,145.41"
12/05/2015,Visa purchase,FRESH COLLECTION LONDON EC*M GB ****,-£21.98,"£1,149.30"
11/05/2015,Visa purchase,VIRGINTRAINSEC SERVCS YORK **** GB ****,-£124.50,"£1,171.28"
11/05/2015,Contactless Payment,PRET A MANGER PRET A MANGER GB ****,-£7.29,"£1,295.78"
11/05/2015,ATM Withdrawal NATIONWIDE,ATM Withdrawal NATIONWIDE,-£50.00,"£1,303.07"
11/05/2015,STANDING ORDER**************************,***********,-£446.46,"£1,353.07"
11/05/2015,Direct debit HELEN AND DOUGLAS,HELEN AND DOUGLAS,-£8.50,"£1,799.53"
11/05/2015,TRANSFER TO***************************,***************,-£500.00,"£1,808.03"
09/05/2015,Contactless Payment,ASDA STORES LTD **** ROMFORD GB ****,-£5.83,"£2,308.03"
08/05/2015,Contactless Payment,EAT LTD LONDON SE* GB ****,-£4.94,"£2,313.86"
08/05/2015,Contactless Payment,EAT LTD LONDON SE* GB ****,-£3.89,"£2,318.80"
07/05/2015,ATM Withdrawal NATIONWIDE,ATM Withdrawal NATIONWIDE,-£30.00,"£2,322.69"
07/05/2015,Contactless Payment,TESCO STORES **** ROMFORD GB ****,-£1.00,"£2,352.69"
07/05/2015,Direct debit EE & T-MOBILE,EE & T-MOBILE,-£29.24,"£2,353.69"
06/05/2015,Visa purchase Graze,Graze Graze.com SE ****,-£3.89,"£2,382.93"
06/05/2015,Visa purchase,LUL TICKET OFFICE. WATERLOO E GB ****,-£225.10,"£2,386.82"
06/05/2015,Bank credit IBM,***************,"£2,300.81","£2,611.92"
05/05/2015,Visa purchase,E.ON ENERGY SOLUTIONS NOTTINGHAM GB ****,-£247.71,£311.11
05/05/2015,Visa purchase,SPECSAVERS ********RO ROMFORD GB ****,-£25.00,£558.82
05/05/2015,Visa purchase,STEAMGAMES.COM LUXEMBOURG LU ****,-£6.99,£583.82
05/05/2015,ATM Withdrawal LINK,ATM Withdrawal LINK,-£30.00,£590.81
05/05/2015,Direct debit SCOPE LTD,SCOPE LTD,-£8.50,£620.81
04/05/2015,Visa purchase,HOMEBASE LTD *** ROMFORD GB ****,-£14.06,£629.31
04/05/2015,Contactless Payment,PRET A MANGER PRET A MANGER GB ****,-£5.54,£643.37
04/05/2015,Bank credit RUTH WALKER,***********************,£48.35,£648.91
01/05/2015,Contactless Payment,EAT LTD LONDON SE* GB ****,-£8.39,£600.56
01/05/2015,Direct debit GREENWICH LEISURE,GREENWICH LEISURE,-£19.95,£608.95
30/04/2015,Tax taken,*********,-£0.18,£628.90
30/04/2015,Interest added,Interest added,£0.93,£629.08
30/04/2015,Contactless Payment,SHELL LONDON CATERING READING GB ****,-£4.80,£628.15
29/04/2015,Visa purchase Graze,Graze Graze.com SE ****,-£3.89,£632.95
28/04/2015,Contactless Payment,BOOTS **** LAMBETH GB ****,-£1.50,£636.84
27/04/2015,Contactless Payment,PRET A MANGER PRET A MANGER GB ****,-£6.20,£638.34
27/04/2015,ATM Withdrawal NAT WEST,ATM Withdrawal NAT WEST,-£40.00,£644.54
22/04/2015,Visa purchase Graze,Graze Graze.com SE ****,-£3.89,£684.54
21/04/2015,Contactless Payment,EAT LTD LONDON SE* GB ****,-£6.60,£688.43
20/04/2015,ATM Withdrawal BANK OF IRELAND,ATM Withdrawal BANK OF IRELAND,-£50.00,£695.03
20/04/2015,Contactless Payment,CAMDEN FOOD COMPANY CO LONDON GB ****,-£3.85,£745.03
20/04/2015,Visa purchase,T J MORRIS LTD ROMFORD GB ****,-£0.89,£748.88
20/04/2015,Contactless Payment,EAT LTD LONDON SE* GB ****,-£1.99,£749.77
18/04/2015,Visa purchase,IBM UK LIMITED COMPASS CATER GB ****,-£10.00,£751.76
18/04/2015,PAYMENT TO***********************,************,-£130.00,£761.76
18/04/2015,PAYMENT TO**********************,***********,-£827.44,£891.76
17/04/2015,Contactless Payment,EAT LTD LONDON SE* GB ****,-£6.85,"£1,719.20"
15/04/2015,Visa purchase Graze,Graze Graze.com SE,-£3.89,"£1,726.05"
15/04/2015,Contactless Payment,EAT LTD LONDON SE* GB,-£4.94,"£1,729.94"
14/04/2015,ATM Withdrawal LINK,ATM Withdrawal LINK,-£30.00,"£1,734.88"
10/04/2015,Contactless Payment,M&S SIMPLY FOOD - SSP LIVERPOOL ST GB,-£6.00,"£1,764.88"
10/04/2015,TRANSFER TO***************************,***************,-£500.00,"£1,770.88"
10/04/2015,STANDING ORDER**************************,***********,-£439.46,"£2,270.88"
09/04/2015,ATM Withdrawal NAT WEST,ATM Withdrawal NAT WEST,-£40.00,"£2,710.34"
09/04/2015,Contactless Payment,ALDI ROMFORD GB,-£0.89,"£2,750.34"
09/04/2015,Direct debit HELEN AND DOUGLAS,HELEN AND DOUGLAS,-£8.50,"£2,751.23"
08/04/2015,Contactless Payment,TESCO STORES **** ROMFORD GB,-£1.52,"£2,759.73"
08/04/2015,Direct debit EE & T-MOBILE,EE & T-MOBILE,-£28.26,"£2,761.25"
07/04/2015,ATM Withdrawal NATIONWIDE,ATM Withdrawal NATIONWIDE,-£30.00,"£2,789.51"
07/04/2015,Direct debit SCOPE LTD,SCOPE LTD,-£8.50,"£2,819.51"
07/04/2015,Direct debit ORANGE,ORANGE,-£0.01,"£2,828.01"
07/04/2015,Bank credit IBM,***************,"£2,300.71","£2,828.02"
04/04/2015,Visa purchase,GREATER ANGLIA T/O ROMFORD **** GB,-£225.10,£527.31
03/04/2015,Visa purchase,IBM UK LIMITED COMPASS CATER GB,-£10.00,£752.41
02/04/2015,Contactless Payment,BOOTS **** LAMBETH GB,-£9.49,£762.41
02/04/2015,Contactless Payment,PRET A MANGER PRET A MANGER GB,-£1.89,£771.90
01/04/2015,Direct debit GREENWICH LEISURE,GREENWICH LEISURE,-£19.95,£773.79
31/03/2015,Tax taken,*********,-£0.20,£793.74
31/03/2015,Interest added,Interest added,£1.04,£793.94
31/03/2015,Visa purchase Graze,Graze Graze.com SE,-£3.89,£792.90
31/03/2015,Contactless Payment,EAT LTD LONDON SE* GB,-£4.94,£796.79
31/03/2015,ATM Withdrawal NATIONWIDE,Withdrawal 30 March 2015,-£50.00,£801.73
30/03/2015,Contactless Payment,PRET A MANGER PRET A MANGER GB,-£6.20,£851.73
30/03/2015,PAYMENT TO************************,*************,-£106.01,£857.93
26/03/2015,ATM Withdrawal LINK,ATM Withdrawal LINK,-£10.00,£963.94
26/03/2015,Contactless Payment,BOOTS **** LAMBETH GB,-£1.50,£973.94
25/03/2015,Visa purchase Graze,Graze Graze.com SE,-£3.89,£975.44
25/03/2015,Visa purchase,ROYAL SHAKESPEARE COMPANY GB,-£40.25,£979.33
25/03/2015,Contactless Payment,ALDI ROMFORD GB,-£0.99,"£1,019.58"
24/03/2015,ATM Withdrawal NATIONWIDE,ATM Withdrawal NATIONWIDE,-£50.00,"£1,020.57"
24/03/2015,Contactless Payment,ALDI ROMFORD GB,-£2.98,"£1,070.57"
24/03/2015,Contactless Payment,"BOOTS,**** ROMFORD GB",-£3.00,"£1,073.55"
23/03/2015,Contactless Payment,WH SMITH ROMFORD GB,-£2.99,"£1,076.55"
23/03/2015,TRANSFER TO***********,***************************************,-£600.00,"£1,079.54"
20/03/2015,Contactless Payment,BOOTS **** LAMBETH GB,-£1.50,"£1,679.54"
19/03/2015,ATM Withdrawal LINK,ATM Withdrawal LINK,-£50.00,"£1,681.04"
19/03/2015,Visa purchase,IBM UK LIMITED COMPASS CATER GB,-£30.00,"£1,731.04"
18/03/2015,Visa purchase Graze,Graze Graze.com SE,-£3.89,"£1,761.04"
18/03/2015,Bank credit IBM,***************,£692.22,"£1,764.93"
16/03/2015,Visa purchase,Amazon UK Retail AMAZON.CO.UK LU,-£20.00,"£1,072.71"
16/03/2015,Visa purchase,ROYAL NATIONAL THEATRE LONDON SE* GB,-£22.14,"£1,092.71"
13/03/2015,Contactless Payment,PRET A MANGER PRET A MANGER GB,-£3.90,"£1,114.85"
13/03/2015,ATM Withdrawal SANTANDER,Withdrawal 12 March 2015,-£50.00,"£1,118.75"
12/03/2015,Visa purchase,FOYLES WATERLOO LONDON SE* GB,-£9.99,"£1,168.75"
12/03/2015,Contactless Payment,WH SMITH WATERLOO GB,-£1.99,"£1,178.74"
11/03/2015,Visa purchase Graze,Graze Graze.com SE,-£3.89,"£1,180.73"
11/03/2015,Visa purchase,THE BALCONY-WATERLOO S LONDON SE* GB,-£4.15,"£1,184.62"
10/03/2015,TRANSFER TO***************************,***************,-£500.00,"£1,188.77"
09/03/2015,Direct debit EE & T-MOBILE,EE & T-MOBILE,-£28.18,"£1,688.77"
09/03/2015,Direct debit HELEN AND DOUGLAS,HELEN AND DOUGLAS,-£8.50,"£1,716.95"
09/03/2015,PAYMENT TO************************,*************,-£436.50,"£1,725.45"
09/03/2015,PAYMENT TO**********************,***********,-£310.54,"£2,161.95"
06/03/2015,Visa purchase,LUL TICKET OFFICE. WATERLOO E GB,-£225.10,"£2,472.49"
06/03/2015,Bank credit IBM,***************,"£2,234.18","£2,697.59"
05/03/2015,ATM Withdrawal CO-OP BANK PLC,ATM Withdrawal CO-OP BANK PLC,-£50.00,£463.41
05/03/2015,Visa purchase,IBM UK LIMITED COMPASS CATER GB,-£30.00,£513.41
05/03/2015,STANDING ORDER**************************,***********,-£432.63,£543.41
04/03/2015,Visa purchase Graze,Graze Graze.com SE,-£3.89,£976.04
03/03/2015,Contactless Payment,WH SMITH FARNBOROUGH GB,-£3.99,£979.93
03/03/2015,Contactless Payment,BOOTS **** LAMBETH GB,-£1.50,£983.92
03/03/2015,Direct debit SCOPE LTD,SCOPE LTD,-£8.50,£985.42
02/03/2015,ATM Withdrawal NATIONWIDE,ATM Withdrawal NATIONWIDE,-£50.00,£993.92
02/03/2015,Direct debit GREENWICH LEISURE,GREENWICH LEISURE,-£19.95,"£1,043.92"
28/02/2015,Tax taken,*********,-£0.20,"£1,063.87"
28/02/2015,Interest added,Interest added,£1.02,"£1,064.07"
28/02/2015,Contactless Payment,WAITROSE STRATFORD GB,-£8.75,"£1,063.05"
27/02/2015,Contactless Payment,MARKS & SPENCER ROMFORD GB,-£8.90,"£1,071.80"
27/02/2015,Contactless Payment,"BOOTS,**** ROMFORD GB",-£6.99,"£1,080.70"
27/02/2015,ATM Withdrawal CO-OP BANK PLC,ATM Withdrawal CO-OP BANK PLC,-£50.00,"£1,087.69"
25/02/2015,Visa purchase Graze,Graze Graze.com SE,-£3.89,"£1,137.69"
25/02/2015,Contactless Payment,MARKS & SPENCER ROMFORD GB,-£10.80,"£1,141.58"
24/02/2015,Bank credit ORANGE,******************,£7.85,"£1,152.38"
23/02/2015,Visa purchase,THE BOTANIST NEWCASTLE UPO GB,-£17.50,"£1,144.53"
23/02/2015,Cheque deposit,**************,£25.00,"£1,162.03"
20/02/2015,Contactless Payment,BOOTS **** LAMBETH GB,-£2.75,"£1,137.03"
20/02/2015,Visa Credit,"Amazon Svcs Europe,SAR AMAZON.CO.UK LU",£2.45,"£1,139.78"
19/02/2015,Visa purchase,"Amazon Svcs Europe,SAR AMAZON.CO.UK LU",-£2.45,"£1,137.33"
18/02/2015,ATM Withdrawal HSBC,ATM Withdrawal HSBC,-£30.00,"£1,139.78"
18/02/2015,Visa purchase Graze,Graze Graze.com SE,-£3.89,"£1,169.78"
18/02/2015,Visa purchase,WWW.DOBBIES.COM **** ******* GB,-£102.25,"£1,173.67"
18/02/2015,Contactless Payment,BOOTS **** LAMBETH GB,-£0.50,"£1,275.92"
17/02/2015,Contactless Payment,WH SMITH WATERLOO GB,-£11.98,"£1,276.42"
16/02/2015,Contactless Payment,PRET A MANGER PRET A MANGER GB,-£6.04,"£1,288.40"
14/02/2015,ATM Withdrawal LINK,ATM Withdrawal LINK,-£50.00,"£1,294.44"
12/02/2015,Visa purchase Graze,Graze Graze.com SE,-£3.89,"£1,344.44"
11/02/2015,Bank credit IBM,***************,£8.00,"£1,348.33"
09/02/2015,Visa purchase,BLACKHEATH CONSERVATOI LONDON GB,-£127.27,"£1,340.33"
09/02/2015,Visa purchase,PRET A MANGER PRET A MANGER GB,-£8.20,"£1,467.60"
09/02/2015,Direct Debit - First Payment EE & T-MOBILE,EE & T-MOBILE,-£24.98,"£1,475.80"
09/02/2015,Direct debit HELEN AND DOUGLAS,HELEN AND DOUGLAS,-£8.50,"£1,500.78"
09/02/2015,ATM Withdrawal NATIONWIDE,Withdrawal 08 February 2015,-£50.00,"£1,509.28"
09/02/2015,PAYMENT TO**********************,***********,"-£1,042.42","£1,559.28"
07/02/2015,Visa purchase,"Amazon Svcs Europe,SAR AMAZON.CO.UK LU",-£2.45,"£2,601.70"
06/02/2015,Visa purchase,MILLETS FARNBOROUGH GB,-£5.00,"£2,604.15"
06/02/2015,Visa purchase,"Amazon Svcs Europe,SAR AMAZON.CO.UK LU",-£3.99,"£2,609.15"
06/02/2015,Bank credit IBM,***************,"£2,234.18","£2,613.14"
05/02/2015,ATM Withdrawal NATIONWIDE,ATM Withdrawal NATIONWIDE,-£30.00,£378.96
05/02/2015,Visa purchase,BOOTS **** LAMBETH GB,-£1.50,£408.96
05/02/2015,STANDING ORDER**************************,***********,-£432.63,£410.46
04/02/2015,Visa purchase Graze,Graze Graze.com SE,-£3.89,£843.09
04/02/2015,Visa purchase,GREATER ANGLIA T/O ROMFORD **** GB,-£225.10,£846.98
04/02/2015,Direct debit ORANGE,ORANGE,-£21.47,"£1,072.08"
04/02/2015,TRANSFER TO***********,******************************************,"-£1,000.00","£1,093.55"
03/02/2015,Visa purchase,BOOTS **** LAMBETH GB,-£1.50,"£2,093.55"
03/02/2015,Direct debit SCOPE LTD,SCOPE LTD,-£8.50,"£2,095.05"
02/02/2015,ATM Withdrawal NAT WEST,ATM Withdrawal NAT WEST,-£50.00,"£2,103.55"
02/02/2015,Visa purchase,MARKS & SPENCER ROMFORD GB,-£1.45,"£2,153.55"
02/02/2015,Direct debit GREENWICH LEISURE,GREENWICH LEISURE,-£19.95,"£2,155.00"
31/01/2015,Tax taken,*********,-£0.40,"£2,174.95"
31/01/2015,Interest added,Interest added,£2.04,"£2,175.35"
31/01/2015,Visa purchase,PRET A MANGER PRET A MANGER GB,-£3.90,"£2,173.31"
29/01/2015,Visa purchase,E.ON ENERGY SOLUTIONS NOTTINGHAM GB,-£253.76,"£2,177.21"
29/01/2015,Visa purchase,BOOTS **** LAMBETH GB,-£1.50,"£2,430.97"
29/01/2015,ATM Withdrawal NATIONWIDE,ATM Withdrawal NATIONWIDE,-£50.00,"£2,432.47"
28/01/2015,Visa purchase Graze,Graze Graze.com SE,-£3.89,"£2,482.47"
28/01/2015,Visa purchase,TESCO STORES **** ROMFORD GB,-£3.61,"£2,486.36"
27/01/2015,Visa purchase,IBM UK LIMITED COMPASS CATER GB,-£30.00,"£2,489.97"
27/01/2015,Visa Credit,EUROSTAR INTERNET LONDON GB,£121.00,"£2,519.97"
26/01/2015,Visa purchase,EC MAINLINE CO INT YORK **** GB,-£215.30,"£2,398.97"
23/01/2015,Visa purchase,BOOTS **** LAMBETH GB,-£1.50,"£2,614.27"
22/01/2015,ATM Withdrawal NATIONWIDE,ATM Withdrawal NATIONWIDE,-£50.00,"£2,615.77"
21/01/2015,Visa purchase Graze,Graze Graze.com SE,-£3.89,"£2,665.77"
21/01/2015,Visa purchase,BOOTS **** LAMBETH GB,-£2.80,"£2,669.66"
20/01/2015,Visa purchase,SUBWAY FARNBOROUGH GB,-£4.89,"£2,672.46"
20/01/2015,Visa purchase,BOOTS/**** FARNBOROUGH GB,-£4.29,"£2,677.35"
20/01/2015,ATM Withdrawal NATIONWIDE,ATM Withdrawal NATIONWIDE,-£30.00,"£2,681.64"
19/01/2015,Visa purchase,HOTEL DUKES PALACE BRUGGE BE,-£424.85,"£2,711.64"
19/01/2015,Non-Sterling transaction fee,Non-Sterling transaction fee,-£0.18,"£3,136.49"
19/01/2015,Visa purchase,GROENINGEM MUSEUM BRUGGE BE **.****** EUR at *.*****,-£9.23,"£3,136.67"
17/01/2015,Non-Sterling cash fee,Non-Sterling cash fee,-£1.00,"£3,145.90"
17/01/2015,Non-Sterling transaction fee,Non-Sterling transaction fee,-£3.08,"£3,146.90"
17/01/2015,Visa cash withdrawal EUROPABANK,EUROPABANK BRUGGE BE 200.000000 EUR at 1.30022,-£153.82,"£3,149.98"
17/01/2015,Visa purchase,PARKRESTAURANT BRUGGE BE ***.****** EUR at *.*****,-£115.21,"£3,303.80"
17/01/2015,Visa purchase,ICE LONDON ST PANCRAS INT LONDON GB,-£50.23,"£3,419.01"
16/01/2015,Visa purchase,WWW.THMARCH.CO.UK *********** GB,-£81.62,"£3,469.24"
15/01/2015,Visa purchase,WAGAMAMA LONDON GB,-£36.00,"£3,550.86"
14/01/2015,Visa purchase Graze,Graze Graze.com SE,-£3.89,"£3,586.86"
14/01/2015,Visa purchase,HUISBROUWERIJ DE HALVE HALVEMAAN.BE BE **.****** EUR at *.*****,-£11.74,"£3,590.75"
14/01/2015,Visa purchase,TESCO STORES **** ROMFORD GB,-£2.40,"£3,602.49"
10/01/2015,Visa purchase,BOOTS **** LAMBETH GB,-£1.50,"£3,604.89"
09/01/2015,Visa purchase,IBM UK LIMITED COMPASS CATER GB,-£30.00,"£3,606.39"
09/01/2015,Visa purchase,BOOTS **** LAMBETH GB,-£1.50,"£3,636.39"
09/01/2015,Direct debit HELEN AND DOUGLAS,HELEN AND DOUGLAS,-£8.50,"£3,637.89"
08/01/2015,Visa purchase,LUL TICKET OFFICE. WATERLOO E GB,-£225.10,"£3,646.39"
07/01/2015,Visa purchase Graze,Graze Graze.com SE,-£3.89,"£3,871.49"
07/01/2015,Visa purchase,WWWAMERICAN EXPRESS BURGESS HILL GB,-£28.80,"£3,875.38"
07/01/2015,Visa purchase,BOOTS/**** FARNBOROUGH GB,-£3.29,"£3,904.18"
06/01/2015,Visa purchase,BOOTS **** LAMBETH GB,-£28.70,"£3,907.47"
06/01/2015,Visa purchase,PRET A MANGER PRET A MANGER GB,-£3.59,"£3,936.17"
06/01/2015,Bank credit IBM,***************,"£2,234.17","£3,939.76"
05/01/2015,Visa purchase,THE CLARKS SHOP NEWCASTLE GB,-£34.99,"£1,705.59"
05/01/2015,ATM Withdrawal SANTANDER,ATM Withdrawal SANTANDER,-£50.00,"£1,740.58"
05/01/2015,STANDING ORDER**************************,***********,-£432.63,"£1,790.58"
05/01/2015,Direct debit ORANGE,ORANGE,-£19.85,"£2,223.21"
05/01/2015,Direct debit SCOPE LTD,SCOPE LTD,-£8.50,"£2,243.06"
02/01/2015,Direct debit GREENWICH LEISURE,GREENWICH LEISURE,-£19.95,"£2,251.56"
01/01/2015,Visa purchase,JACK JONES VERO MO NEWCASTLE NW* GB,-£25.00,"£2,271.51"
31/12/2014,Tax taken,*********,-£0.41,"£2,296.51"
31/12/2014,Interest added,Interest added,£2.09,"£2,296.92"
31/12/2014,Visa purchase,BOOTS **** LAMBETH GB,-£31.59,"£2,294.83"
31/12/2014,Visa purchase Graze,Graze Graze.com SE,-£3.89,"£2,326.42"
30/12/2014,Visa purchase,BOOTS **** LAMBETH GB,-£1.60,"£2,330.31"
29/12/2014,Visa purchase,LAKELAND STRATFORD CIT GB,-£6.48,"£2,331.91"
29/12/2014,Visa purchase,PRET A MANGER LONDON E** GB,-£6.04,"£2,338.39"
29/12/2014,Visa purchase,ALDI ROMFORD GB,-£0.49,"£2,344.43"
29/12/2014,Visa purchase,BOOTS **** LONDON GB,-£33.57,"£2,344.92"
29/12/2014,Visa purchase,MARKS & SPENCER ROMFORD GB,-£6.90,"£2,378.49"
29/12/2014,Visa purchase,ALDI ROMFORD GB,-£3.08,"£2,385.39"
29/12/2014,ATM Withdrawal BARCLAYS BANK,ATM Withdrawal BARCLAYS BANK,-£50.00,"£2,388.47"
24/12/2014,Visa purchase,DIAMOND PALACE LONDON EC*N GB,"-£2,000.00","£2,438.47"
24/12/2014,Visa purchase Graze,Graze Graze.com SE,-£3.89,"£4,438.47"
23/12/2014,Visa purchase,SUPERDRUG STORES PLC ROMFORD GB,-£8.76,"£4,442.36"
23/12/2014,Visa purchase,******** COSTA COFFEE LONDON GB,-£2.75,"£4,451.12"
22/12/2014,Visa purchase,GREATER ANGLIA **** GB,-£10.30,"£4,453.87"
20/12/2014,ATM Withdrawal LINK,ATM Withdrawal LINK,-£30.00,"£4,464.17"
20/12/2014,Visa purchase,WH SMITH WATERLOO GB,-£6.94,"£4,494.17"
18/12/2014,Visa purchase,M&S SIMPLY FOOD - SSP LIVERPOOL ST GB,-£5.95,"£4,501.11"
17/12/2014,Visa purchase Graze,Graze Graze.com SE,-£3.89,"£4,507.06"
16/12/2014,Visa purchase,PAPERCHASE LONDON GB,-£10.50,"£4,510.95"
15/12/2014,Visa purchase,HATCHARDS PICCADILLY GB,-£36.99,"£4,521.45"
15/12/2014,Visa purchase,GAME RETAIL LTD ROMFO ROMFORD GB,-£30.00,"£4,558.44"
15/12/2014,Visa purchase,FORTNUM & MASON LONDON GB,-£14.50,"£4,588.44"
15/12/2014,Visa purchase,WATERSTONES PICCADILLY GB,-£8.99,"£4,602.94"
15/12/2014,Visa purchase,PRET A MANGER **/** PICCADI GB,-£6.20,"£4,611.93"
15/12/2014,ATM Withdrawal BARCLAYS BANK,ATM Withdrawal BARCLAYS BANK,-£50.00,"£4,618.13"
10/12/2014,Visa purchase Graze,Graze Graze.com SE,-£3.89,"£4,668.13"
09/12/2014,Visa purchase,IBM UK LIMITED COMPASS CATER GB,-£30.00,"£4,672.02"
09/12/2014,Visa purchase,BOOTS **** LAMBETH GB,-£5.09,"£4,702.02"
09/12/2014,Visa purchase,THE BALCONY-WATERLOO S LONDON SE* GB,-£2.85,"£4,707.11"
09/12/2014,ATM Withdrawal TSB,ATM Withdrawal TSB,-£50.00,"£4,709.96"
09/12/2014,Direct debit HELEN AND DOUGLAS,HELEN AND DOUGLAS,-£8.50,"£4,759.96"
09/12/2014,Bank credit IBM,***************,£10.00,"£4,768.46"
08/12/2014,Visa purchase,VUE BSL LTD ROMFORD GB,-£15.48,"£4,758.46"
08/12/2014,Visa purchase,DEBENHAMS ROMFORD GB,-£213.20,"£4,773.94"
08/12/2014,Bank credit IBM,***************,"£2,234.18","£4,987.14"
06/12/2014,Visa purchase,LUL TICKET OFFICE. HAMMERSMITH D GB,-£219.70,"£2,752.96"
06/12/2014,Visa purchase,FOYLES WATERLOO LONDON SE* GB,-£7.99,"£2,972.66"
06/12/2014,Visa purchase,THE BALCONY-WATERLOO S LONDON SE* GB,-£1.50,"£2,980.65"
06/12/2014,Visa purchase,BOOTS **** LAMBETH GB,-£1.00,"£2,982.15"
06/12/2014,ATM Withdrawal NAT WEST,ATM Withdrawal NAT WEST,-£30.00,"£2,983.15"
05/12/2014,STANDING ORDER**************************,***********,-£432.63,"£3,013.15"
04/12/2014,Direct debit ORANGE,ORANGE,-£21.50,"£3,445.78"
03/12/2014,Visa purchase Graze,Graze Graze.com SE,-£3.89,"£3,467.28"
03/12/2014,Visa purchase,OXFORD PRINT CENTR OXFORD GB,-£195.75,"£3,471.17"
03/12/2014,Visa purchase,FOYLES WATERLOO LONDON SE* GB,-£27.97,"£3,666.92"
03/12/2014,Direct debit SCOPE LTD,SCOPE LTD,-£8.50,"£3,694.89"
02/12/2014,Visa purchase,DEBENHAMS FARNBOROUGH GB,-£51.00,"£3,703.39"
02/12/2014,Visa purchase ORIGIN COM EA,ORIGIN COM EA GENEVA CH,-£11.97,"£3,754.39"
01/12/2014,Visa purchase,EC MAINLINE CO INT YORK **** GB,-£181.35,"£3,766.36"
01/12/2014,Direct debit GREENWICH LEISURE,GREENWICH LEISURE,-£19.95,"£3,947.71"
30/11/2014,Tax taken,*********,-£1.19,"£3,967.66"
30/11/2014,Interest added,Interest added,£5.99,"£3,968.85"
29/11/2014,ATM Withdrawal NAT WEST,ATM Withdrawal NAT WEST,-£50.00,"£3,962.86"
26/11/2014,Visa purchase Graze,Graze Graze.com SE,-£3.89,"£4,012.86"
26/11/2014,ATM Withdrawal NAT WEST,ATM Withdrawal NAT WEST,-£50.00,"£4,016.75"
25/11/2014,PAYMENT TO***********************,************,-£55.00,"£4,066.75"
25/11/2014,PAYMENT TO**********************,***********,"-£6,175.96","£4,121.75"
24/11/2014,Visa purchase,EUROSTAR INTERNET LONDON GB,-£202.00,"£10,297.71"
21/11/2014,ATM Withdrawal LINK,ATM Withdrawal LINK,-£20.00,"£10,499.71"
20/11/2014,Visa purchase,SUBWAY BELFAST GB,-£3.80,"£10,519.71"
19/11/2014,ATM Withdrawal LINK,ATM Withdrawal LINK,-£30.00,"£10,523.51"
19/11/2014,Visa purchase Graze,Graze Graze.com SE,-£3.89,"£10,553.51"
18/11/2014,Bank credit K***GK******NSFISC,******************************,"£6,687.15","£10,557.40"
15/11/2014,ATM Withdrawal CO-OP BANK PLC,ATM Withdrawal CO-OP BANK PLC,-£50.00,"£3,870.25"
14/11/2014,Visa purchase,IBM UK LIMITED COMPASS CATER GB,-£30.00,"£3,920.25"
14/11/2014,Visa purchase,FOYLES WATERLOO LONDON SE* GB,-£14.99,"£3,950.25"
12/11/2014,Visa purchase Graze,Graze Graze.com SE,-£3.89,"£3,965.24"
10/11/2014,Visa purchase,MARKS & SPENCER ROMFORD GB,-£6.93,"£3,969.13"
10/11/2014,Visa purchase,ASDA STORES LTD **** ROMFORD GB,-£14.68,"£3,976.06"
10/11/2014,Direct debit HELEN AND DOUGLAS,HELEN AND DOUGLAS,-£8.50,"£3,990.74"
08/11/2014,Visa purchase,JAMIES ITALIAN LONDON GB,-£64.90,"£3,999.24"
07/11/2014,Visa purchase,LUL TICKET OFFICE. WATERLOO E GB,-£219.70,"£4,064.14"
07/11/2014,Visa purchase,BOOTS **** LAMBETH GB,-£1.10,"£4,283.84"
06/11/2014,ATM Withdrawal NAT WEST,ATM Withdrawal NAT WEST,-£50.00,"£4,284.94"
06/11/2014,Bank credit IBM,***************,"£2,233.78","£4,334.94"
06/11/2014,Bank credit EE & T-MOBILE,*************************,£25.00,"£2,101.16"
05/11/2014,Visa purchase Graze,Graze Graze.com SE,-£3.89,"£2,076.16"
05/11/2014,STANDING ORDER**************************,***********,-£432.63,"£2,080.05"
04/11/2014,Visa purchase,IBM UK LIMITED COMPASS CATER GB,-£30.00,"£2,512.68"
04/11/2014,Direct debit ORANGE,ORANGE,-£58.86,"£2,542.68"
03/11/2014,Visa purchase,GREATER ANGLIA **** GB,-£9.50,"£2,601.54"
03/11/2014,Direct Debit - First Payment GREENWICH LEISURE,GREENWICH LEISURE,-£19.95,"£2,611.04"
03/11/2014,Direct debit SCOPE LTD,SCOPE LTD,-£8.50,"£2,630.99"
01/11/2014,Visa purchase,BOOTS **** LAMBETH GB,-£1.10,"£2,639.49"
31/10/2014,Tax taken,*********,-£2.05,"£2,640.59"
31/10/2014,Interest added,Interest added,£10.27,"£2,642.64"
31/10/2014,ATM Withdrawal NAT WEST,ATM Withdrawal NAT WEST,-£50.00,"£2,632.37"
30/10/2014,Visa purchase,EVENTIM UK AMSTERDAM NL,-£62.50,"£2,682.37"
29/10/2014,Visa purchase Graze,Graze Graze.com SE,-£3.89,"£2,744.87"
28/10/2014,Visa purchase,E.ON ENERGY SOLUTIONS NOTTINGHAM GB,-£88.72,"£2,748.76"
28/10/2014,Visa purchase,PRET A MANGER PRET A MANGER GB,-£5.84,"£2,837.48"
27/10/2014,ATM Withdrawal LINK,ATM Withdrawal LINK,-£20.00,"£2,843.32"
27/10/2014,Direct Debit - First Payment EE & T-MOBILE,EE & T-MOBILE,-£25.00,"£2,863.32"
25/10/2014,ATM Withdrawal LINK,ATM Withdrawal LINK,-£100.00,"£2,888.32"
24/10/2014,Visa purchase,IBM UK LIMITED COMPASS CATER GB,-£30.00,"£2,988.32"
22/10/2014,Visa purchase Graze,Graze Graze.com SE,-£3.89,"£3,018.32"
20/10/2014,Visa purchase,THE CLARKS SHOP STRATFORD GB,-£65.00,"£3,022.21"
20/10/2014,ATM Withdrawal NATIONWIDE,ATM Withdrawal NATIONWIDE,-£50.00,"£3,087.21"
17/10/2014,Visa purchase,STATION CLEANERS FARNBOROUGH GB,-£12.95,"£3,137.21"
17/10/2014,ATM Withdrawal NAT WEST,ATM Withdrawal NAT WEST,-£50.00,"£3,150.16"
16/10/2014,Visa purchase,SACAT MARKS & SPENCER LONDON GB,-£6.29,"£3,200.16"
16/10/2014,Visa purchase Graze,Graze Graze.com SE,-£3.89,"£3,206.45"
16/10/2014,Visa purchase,STEAMGAMES.COM LUXEMBOURG LU,-£2.99,"£3,210.34"
13/10/2014,Visa purchase,WWW.LEITHS.COM **** ******* GB,-£290.00,"£3,213.33"
11/10/2014,Visa purchase,IBM UK LIMITED COMPASS CATER GB,-£30.00,"£3,503.33"
11/10/2014,Visa purchase,PRET A MANGER PRET A MANGER GB,-£3.59,"£3,533.33"
11/10/2014,PAYMENT TO**********************,***********,-£633.47,"£3,536.92"
11/10/2014,TRANSFER TO***********,**************,-£500.00,"£4,170.39"
10/10/2014,ATM Withdrawal RBS,ATM Withdrawal RBS,-£50.00,"£4,670.39"
10/10/2014,Visa purchase,WH SMITH WATERLOO GB,-£9.99,"£4,720.39"
09/10/2014,Direct debit HELEN AND DOUGLAS,HELEN AND DOUGLAS,-£8.50,"£4,730.38"
08/10/2014,Visa purchase,Graze Graze.com SE,-£3.89,"£4,738.88"
07/10/2014,Visa purchase,BOOTS/**** FARNBOROUGH GB,-£14.09,"£4,742.77"
06/10/2014,Visa purchase,GREATER ANGLIA T/O ROMFORD **** GB,-£219.70,"£4,756.86"
06/10/2014,Visa purchase,WWW.GLL.ORG/MEMBERSHIP LONDON SE** GB,-£44.83,"£4,976.56"
06/10/2014,Visa purchase,ARGOS RETAIL GROUP INTERNET GB,-£84.98,"£5,021.39"
06/10/2014,Cheque deposit,**************,£637.80,"£5,106.37"
06/10/2014,Direct debit ORANGE,ORANGE,-£53.07,"£4,468.57"
06/10/2014,Bank credit IBM,***************,"£2,233.66","£4,521.64"
,,,,
Arranged Overdraft Limit,06/11/2015,£0.00,,
